<record><leader>00000cas a22000007a 4500</leader><controlfield tag="001">16000586</controlfield><controlfield tag="008">870619d18691870pauwr ne      0    0ger d</controlfield><datafield ind1=" " ind2=" " tag="010"><subfield code="a">sn 87078334 </subfield></datafield><datafield ind1=" " ind2=" " tag="040"><subfield code="a">NPH</subfield><subfield code="b">eng</subfield><subfield code="c">NPH</subfield><subfield code="d">OCLCQ</subfield></datafield><datafield ind1=" " ind2=" " tag="042"><subfield code="a">msc</subfield></datafield><datafield ind1="0" ind2=" " tag="130"><subfield code="a">Pilger (Reading, Pa.)</subfield></datafield><datafield ind1="1" ind2="4" tag="245"><subfield code="a">Der Pilger.</subfield></datafield><datafield ind1=" " ind2=" " tag="260"><subfield code="a">Reading, Pa. :</subfield><subfield code="b">J.J. Ku&#776;ndig,</subfield><subfield code="c">1869-1870.</subfield></datafield><datafield ind1=" " ind2=" " tag="300"><subfield code="a">v. ;</subfield><subfield code="c">38 cm.</subfield></datafield><datafield ind1=" " ind2=" " tag="310"><subfield code="a">Weekly</subfield></datafield><datafield ind1="0" ind2=" " tag="362"><subfield code="a">1. Jahrg., Nr. 1 (7. Okt. 1869)-1. Jahrg., Nr. 55 (26. Nov. 1870).</subfield></datafield><datafield ind1=" " ind2=" " tag="752"><subfield code="a">United States</subfield><subfield code="b">Pennsylvania</subfield><subfield code="c">Berks</subfield><subfield code="d">Reading.</subfield></datafield><datafield ind1="0" ind2="0" tag="785"><subfield code="t">Pilger durch Welt und Kirche</subfield><subfield code="w">(DLC)sn 84024536</subfield></datafield></record>